<record><leader>00000cas a2200000 a 4500</leader><controlfield tag="001">11942347</controlfield><controlfield tag="008">850419d19211928ksuwr ne      0    0eng d</controlfield><datafield ind1=" " ind2=" " tag="010"><subfield code="a">sn 85029915 </subfield></datafield><datafield ind1=" " ind2=" " tag="040"><subfield code="a">KSH</subfield><subfield code="b">eng</subfield><subfield code="c">KSH</subfield><subfield code="d">NPT</subfield><subfield code="d">OCL</subfield><subfield code="d">OCLCQ</subfield></datafield><datafield ind1=" " ind2=" " tag="042"><subfield code="a">msc</subfield></datafield><datafield ind1="0" ind2=" " tag="130"><subfield code="a">Johnson County democrat (Olathe, Kan. : 1921)</subfield></datafield><datafield ind1="1" ind2="4" tag="245"><subfield code="a">The Johnson County democrat.</subfield></datafield><datafield ind1=" " ind2=" " tag="260"><subfield code="a">Olathe, Kan. :</subfield><subfield code="b">Frank Hodges,</subfield><subfield code="c">1921-1928.</subfield></datafield><datafield ind1=" " ind2=" " tag="300"><subfield code="a">7 v. :</subfield><subfield code="b">ill. ;</subfield><subfield code="c">57 cm.</subfield></datafield><datafield ind1=" " ind2=" " tag="310"><subfield code="a">Weekly</subfield></datafield><datafield ind1="0" ind2=" " tag="362"><subfield code="a">New ser., vol. 1, no. 1 (Nov. 25, 1921)-new ser., v. 2, no. 1 (Nov. 23, 1922) = old ser., v. 24, no. 8-old ser., v. 25, no. 7 ; v. 2, no. 2 (Nov. 30, 1922)-v. 7, no. 35 (July 19, 1928).</subfield></datafield><datafield ind1=" " ind2=" " tag="752"><subfield code="a">United States</subfield><subfield code="b">Kansas</subfield><subfield code="c">Johnson</subfield><subfield code="d">Olathe.</subfield></datafield><datafield ind1="0" ind2="1" tag="780"><subfield code="t">De Soto eagle eye</subfield><subfield code="w">(DLC)sn 85029914</subfield></datafield><datafield ind1="0" ind2="7" tag="785"><subfield code="t">Olathe register</subfield><subfield code="w">(DLC)sn 85029966</subfield></datafield><datafield ind1="0" ind2="7" tag="785"><subfield code="t">Johnson County democrat and the Olathe register</subfield><subfield code="w">(DLC)sn 85029923</subfield></datafield></record>